@misc{gc,
author = {memorymanagement},
title = {term-garbage-collection},
howpublished = {\url{http://www.memorymanagement.org/glossary/g.html#term-garbage-collection}},
note = {visited on 2015-12-06}
}

@misc{manual,
author = {memorymanagement},
title = {term-manual-memory-management},
howpublished = {\url{http://www.memorymanagement.org/glossary/m.html#term-manual-memory-management}},
note = {visited on 2015-12-06}
}


@misc{mark,
author = {memorymanagement},
title = {term-mark-sweep},
howpublished = {\url{http://www.memorymanagement.org/glossary/m.html#term-mark-sweep}},
note = {visited on 2015-12-06}
}



@misc{br,
author = {memorymanagement},
title = {markandsweep},
howpublished = {\url{http://www.brpreiss.com/books/opus5/html/page424.html}},
note = {visited on 2015-12-06}
}



@misc{basen,
author = {basen.oru.se},
title = {gc},
howpublished = {\url{http://basen.oru.se/kurser/koi/2008-2009-p1/texter/gc/index.html}},
note = {visited on 2015-12-06}
}


@misc{hypo,
author = {memorymanagement},
title = {generational-hypothesis},
howpublished = {\url{http://www.memorymanagement.org/glossary/g.html#term-generational-hypothesis}},
note = {visited on 2015-12-06}
}

@misc{Ungar,
author = {David Ungar},
title = {Generation Scavenging: A non-disruptive high performance storage reclamation algorithm},
howpublished = {\url{http://citeseerx.ist.psu.edu/viewdoc/download?doi=10.1.1.122.4295&rep=rep1&type=pdf}},
note = {visited on 2015-12-06}
}

@misc{rose,
author = {rose-hulman},
title = {GenerationalGC},
howpublished = {\url{http://www.rose-hulman.edu/Users/faculty/young/CS-Classes/csse490-dsr/200910/Slides/GenerationalGC.pdf}},
note = {visited on 2015-12-06}
}

@misc{frag,
author = {brpreiss},
title = {fragmentation problem},
howpublished = {\url{http://www.brpreiss.com/books/opus5/html/page425.html#SECTION0014310000000000000000}},
note = {visited on 2015-12-06}
}

@misc{javafrag,
author = {Oracle},
title = {fragmentation problem},
howpublished = {\url{http://www.oracle.com/technetwork/java/javase/memorymanagement-whitepaper-150215.pdf}},
note = {visited on 2015-12-06}
}